\documentclass[10pt]{article}
\usepackage[usenames]{color} %for the color
\usepackage{amssymb} %maths
\usepackage{amsmath} %maths
\usepackage[utf8]{inputenc} %useful to type directly diacritic characters
\begin{document}
\begin{align*}@article{lonsdale2013genotype,
  title={The genotype-tissue expression (GTEx) project},
  author={Lonsdale, John and Thomas, Jeffrey and Salvatore, Mike and Phillips, Rebecca and Lo, Edmund and Shad, Saboor and Hasz, Richard and Walters, Gary and Garcia, Fernando and Young, Nancy and others},
  journal={Nature genetics},
  volume={45},
  number={6},
  pages={580},
  year={2013},
  publisher={Nature Publishing Group}
}
@article{robinson2010edger,
  title={edgeR: a Bioconductor package for differential expression analysis of digital gene expression data},
  author={Robinson, Mark D and McCarthy, Davis J and Smyth, Gordon K},
  journal={Bioinformatics},
  volume={26},
  number={1},
  pages={139--140},
  year={2010},
  publisher={Oxford University Press}
}
@article{kvam2012comparison,
  title={A comparison of statistical methods for detecting differentially expressed genes from RNA-seq data},
  author={Kvam, Vanessa M and Liu, Peng and Si, Yaqing},
  journal={American journal of botany},
  volume={99},
  number={2},
  pages={248--256},
  year={2012},
  publisher={Wiley Online Library}
}
@article{rohart2017mixomics,
  title={mixOmics: An R package for â€˜omics feature selection and multiple data integration},
  author={Rohart, Florian and Gautier, Benoit and Singh, Amrit and L{\^e} Cao, Kim-Anh},
  journal={PLoS computational biology},
  volume={13},
  number={11},
  pages={e1005752},
  year={2017},
  publisher={Public Library of Science}
}
@article{robinson2010scaling,
  title={A scaling normalization method for differential expression analysis of RNA-seq data},
  author={Robinson, Mark D and Oshlack, Alicia},
  journal={Genome biology},
  volume={11},
  number={3},
  pages={R25},
  year={2010},
  publisher={BioMed Central}
}\end{align*}
\end{document}